<record><leader>00000cas a22000007a 4500</leader><controlfield tag="001">37450609</controlfield><controlfield tag="008">970811d19771979meuwr ne      0    0eng d</controlfield><datafield ind1=" " ind2=" " tag="010"><subfield code="a">sn 97062727 </subfield></datafield><datafield ind1=" " ind2=" " tag="040"><subfield code="a">MBN</subfield><subfield code="b">eng</subfield><subfield code="c">MBN</subfield><subfield code="d">OCLCQ</subfield><subfield code="d">OCLCF</subfield><subfield code="d">OCLCO</subfield></datafield><datafield ind1=" " ind2=" " tag="042"><subfield code="a">msc</subfield></datafield><datafield ind1=" " ind2=" " tag="043"><subfield code="a">n-us-me</subfield></datafield><datafield ind1="0" ind2="0" tag="245"><subfield code="a">Sanford star.</subfield></datafield><datafield ind1=" " ind2=" " tag="260"><subfield code="a">Kennebunk, Me. :</subfield><subfield code="b">Star Press</subfield></datafield><datafield ind1=" " ind2=" " tag="300"><subfield code="a">v.</subfield></datafield><datafield ind1=" " ind2=" " tag="310"><subfield code="a">Weekly (except holidays, then preceeding Tuesday)</subfield></datafield><datafield ind1="0" ind2=" " tag="362"><subfield code="a">Vol. 1, no. 1 (June 15, 1977)-v. 3, no. 26 (June 27, 1979).</subfield></datafield><datafield ind1=" " ind2="0" tag="651"><subfield code="a">Kennebunk (Me.)</subfield><subfield code="v">Newspapers.</subfield></datafield><datafield ind1=" " ind2="0" tag="651"><subfield code="a">Sanford (Me.)</subfield><subfield code="v">Newspapers.</subfield></datafield><datafield ind1=" " ind2="7" tag="655"><subfield code="a">Newspapers.</subfield><subfield code="2">fast</subfield><subfield code="0">(OCoLC)fst01423814</subfield></datafield><datafield ind1=" " ind2="7" tag="651"><subfield code="a">Maine</subfield><subfield code="z">Kennebunk.</subfield><subfield code="2">fast</subfield><subfield code="0">(OCoLC)fst01206685</subfield></datafield><datafield ind1=" " ind2="7" tag="651"><subfield code="a">Maine</subfield><subfield code="z">Sanford.</subfield><subfield code="2">fast</subfield><subfield code="0">(OCoLC)fst01237019</subfield></datafield><datafield ind1=" " ind2=" " tag="752"><subfield code="a">United States</subfield><subfield code="b">Maine</subfield><subfield code="c">York</subfield><subfield code="d">Kennebunk.</subfield></datafield><datafield ind1="1" ind2=" " tag="775"><subfield code="t">York County coast star</subfield><subfield code="w">(DLC)sn 99066556</subfield></datafield></record>